<?xml version="1.0" encoding="UTF-8"?><record xmlns="http://www.loc.gov/MARC21/slim" xmlns:cinclude="http://apache.org/cocoon/include/1.0" xmlns:zs="http://www.loc.gov/zing/srw/">
  <leader>00398cz  a2200121n  4500</leader>
  <controlfield tag="001">n  87864849 </controlfield>
  <controlfield tag="003">DLC</controlfield>
  <controlfield tag="005">19881209145151.2</controlfield>
  <controlfield tag="008">870721n| acannaab|          |n ana |||  </controlfield>
  <datafield tag="010" ind1=" " ind2=" ">
    <subfield code="a">n  87864849 </subfield>
    <subfield code="z">n  81069444 </subfield>
  </datafield>
  <datafield tag="040" ind1=" " ind2=" ">
    <subfield code="a">DLC</subfield>
    <subfield code="c">DLC</subfield>
    <subfield code="d">DLC</subfield>
  </datafield>
  <datafield tag="110" ind1="2" ind2="0">
    <subfield code="a">Publicações Europa-América (Firm)</subfield>
  </datafield>
  <datafield tag="670" ind1=" " ind2=" ">
    <subfield code="a">Estudos e documentos ; 222. Alvares, P. Portugal na CEE, 1986:</subfield>
    <subfield code="b">t.p. (Publicações Europa-América)</subfield>
  </datafield>
</record>